<record><leader>00000cas a2200000Ma 4500</leader><controlfield tag="001">210551138</controlfield><controlfield tag="008">850508d18461858ncuir ne      0    0eng  </controlfield><datafield ind1=" " ind2=" " tag="010"><subfield code="a">sn 85042257 </subfield></datafield><datafield ind1=" " ind2=" " tag="040"><subfield code="a">DLC</subfield><subfield code="b">eng</subfield><subfield code="c">AQM</subfield><subfield code="d">OCLCQ</subfield></datafield><datafield ind1="0" ind2=" " tag="130"><subfield code="a">Commercial (Wilmington, N.C.)</subfield></datafield><datafield ind1="1" ind2="4" tag="245"><subfield code="a">The commercial.</subfield></datafield><datafield ind1="1" ind2="3" tag="246"><subfield code="a">Tri-weekly commercial</subfield></datafield><datafield ind1=" " ind2=" " tag="260"><subfield code="a">Wilmington, N.C. :</subfield><subfield code="b">Loring &amp; Stringer</subfield></datafield><datafield ind1=" " ind2=" " tag="300"><subfield code="a">v.</subfield></datafield><datafield ind1=" " ind2=" " tag="310"><subfield code="a">Triweekly</subfield></datafield><datafield ind1="1" ind2=" " tag="362"><subfield code="a">Began in 1846.</subfield><subfield code="z">Cf. Amer. newspapers, 1821-1936.</subfield></datafield><datafield ind1="1" ind2=" " tag="362"><subfield code="a">Ceased in 1858?</subfield><subfield code="z">Cf. Union list of N.C. newspapers, 1963.</subfield></datafield><datafield ind1=" " ind2=" " tag="500"><subfield code="a">Published as: Tri-weekly commercial, &lt;1852&gt;, &lt;1856&gt;.</subfield></datafield><datafield ind1=" " ind2=" " tag="500"><subfield code="a">Editor: Thomas Loring, &lt;1846&gt;.</subfield></datafield><datafield ind1=" " ind2=" " tag="500"><subfield code="a">Publishers: Loring &amp; Stringer, &lt;1846&gt;; Thomas Loring, &lt;1852&gt;, &lt;1856&gt;.</subfield></datafield><datafield ind1=" " ind2=" " tag="588"><subfield code="a">Description based on: Vol. 1, no. 102 (Nov. 14, 1846).</subfield></datafield><datafield ind1=" " ind2="7" tag="655"><subfield code="a">Newspapers.</subfield><subfield code="2">rbgenr</subfield></datafield><datafield ind1=" " ind2=" " tag="752"><subfield code="a">United States</subfield><subfield code="b">North Carolina</subfield><subfield code="c">New Hanover</subfield><subfield code="d">Wilmington.</subfield></datafield><datafield ind1="0" ind2=" " tag="775"><subfield code="a">Weekly commercial (Wilmington, N.C.)</subfield><subfield code="w">(DLC)sn 85042258</subfield></datafield></record>